<?xml version="1.0" encoding="UTF-8"?><collection xmlns="http://www.loc.gov/MARC21/slim"><record><leader>00328nam--2200121-i-4500</leader><controlfield tag="001">000007067</controlfield><controlfield tag="002">20161230</controlfield><controlfield tag="005">20161230201027</controlfield><controlfield tag="008">060222s1000------------r-----000-0-eng-d</controlfield><datafield ind1=" " ind2=" " tag="100"><subfield code="a">Bleickardt, Werner</subfield></datafield><datafield ind1=" " ind2=" " tag="245"><subfield code="a">Der einfluss der quantisierung in pcm-systemen</subfield></datafield><datafield ind1=" " ind2=" " tag="260"><subfield code="a">Zurich, Technische Hochschule, 1963. 112 P</subfield></datafield><datafield ind1=" " ind2=" " tag="852"><subfield code="a">20725</subfield></datafield></record></collection>